<record><leader>00000cas a22000007a 4500</leader><controlfield tag="001">15247736</controlfield><controlfield tag="008">870227d18881890pauwr ne      0    0eng d</controlfield><datafield ind1=" " ind2=" " tag="010"><subfield code="a">sn 88080819 </subfield></datafield><datafield ind1=" " ind2=" " tag="040"><subfield code="a">NPH</subfield><subfield code="b">eng</subfield><subfield code="c">NPH</subfield><subfield code="d">OCLCQ</subfield></datafield><datafield ind1=" " ind2=" " tag="042"><subfield code="a">msc</subfield></datafield><datafield ind1="0" ind2=" " tag="130"><subfield code="a">Ledger (Warren, Pa.)</subfield></datafield><datafield ind1="1" ind2="4" tag="245"><subfield code="a">The ledger.</subfield></datafield><datafield ind1=" " ind2=" " tag="260"><subfield code="a">Warren, Warren Co., Pa. :</subfield><subfield code="b">[s.n.],</subfield><subfield code="c">1888-1890.</subfield></datafield><datafield ind1=" " ind2=" " tag="300"><subfield code="a">v. :</subfield><subfield code="b">ill. (chiefly advertisements)</subfield></datafield><datafield ind1=" " ind2=" " tag="310"><subfield code="a">Weekly</subfield></datafield><datafield ind1="0" ind2=" " tag="362"><subfield code="a">Vol. 39, no. 38 (May 4, 1888)-v. 41, no. 41 (May 23, 1890).</subfield></datafield><datafield ind1=" " ind2=" " tag="752"><subfield code="a">United States</subfield><subfield code="b">Pennsylvania</subfield><subfield code="c">Warren</subfield><subfield code="d">Warren.</subfield></datafield><datafield ind1="0" ind2="0" tag="780"><subfield code="t">Warren ledger (Warren, Pa. : 1849)</subfield><subfield code="w">(DLC)sn 84026597</subfield></datafield><datafield ind1="0" ind2="0" tag="785"><subfield code="t">Warren ledger (Warren, Pa. : 1890)</subfield><subfield code="w">(DLC)sn 88079417</subfield></datafield></record>